@article{zhao_stat08,
    author  = "Zhao, P., and Rocha, G., and Yu, B.",
    title   = "The composite absolute penalties family for grouped and hierarchical variable selection",
    year    = "2008",
    journal = "The Annals of Statistics",
    volume  = "37(6A)",
    number  = "",
    pages   = "3468-3497"
}

@article{duchi_icml08,
    author  = "J. Duchi and S. Shalev-Shwartz and Y. Singer and T. Chandra",
    title   = "Efficient projections onto the $\ell_1$-ball for learning in high dimensions.",
    year    = "2008",
    journal = "Proceedings of the International Conference on Machine Learning",
    volume  = "",
    number  = "",
    pages   = ""
}

@article{Martins_emnlp13,
 author = {Martins, A. F. T. and Smith, N. A. and Pedro, M. Q. A. and Figueiredo, M. A. T.},
 title = {Structured sparsity in structured prediction},
 journal = {Proceedings of the Conference on Empirical Methods in Natural Language Processing},
 year = {2011},
 pages = {}
} 
% 1500-1511 publisher = {Association for Computational Linguistics},

@article{bruckner_orl84,
    author  = "P. Bruckner",
    title   = "An {$O(n)$} Algorithm for Quadratic Knapsack Problems",
    year    = "1984",
    journal = "Operations Research Letters",
    volume  = "3",
    number  = "",
    pages   = "163-166"
}

@article{maculan_orl89,
    author  = "N. Maculan, and J. R. G. {Galdino de Paula},",
    title   = "A linear-time median-finding algorithm for projecting a vector on the simplex of Rn.",
    year    = "1989",
    journal = "Operations Research Letters",
    volume  = "8",
    number  = "4",
    pages   = "219-222"
}

@article{pardalos_mathprog90,
    author  = "P. M. Pardalos and N. Kovoor",
    title   = "An algorithm for a singly constrained class of quadratic programs subject to upper and lower bounds.",
    year    = "1990",
    journal = "Journal of Mathematical Programming",
    volume  = "46",
    number  = "",
    pages   = "321-328"
}

@article{ukkonen_algo95,
    author  = "Ukkonen, E.",
    title   = "Online construction of suffix trees",
    year    = "1995",
    journal = "Algorithmica",
    volume  = "",
    number  = "",
    pages   = ""
}

@article{giegrich_algo97,
    author  = "R. Giegerich and S. Kurtz",
    title   = "From Ukkonen to McCreight and Weiner: A Unifying View of Linear-Time Suffix Tree Construction",
    year    = "1997",
    journal = "Algorithmica",
    volume  = "",
    number  = "",
    pages   = ""
}

@article{della_rep93,
    author  = "S. {Della Pietra}, and V. {Della Pietra}",
    title   = "Statistical modeling by maximum entropy",
    year    = "1993",
    journal = "Unpublished Report",
    volume  = "",
    number  = "",
    pages   = ""
}

@article{della_pami97,
    author  = "S. {Della Pietra}, and V. {Della Pietra}, and J. Lafferty,",
    title   = "Inducing features of random variables",
    year    = "1997",
    journal = "IEEE Transactions on Pattern Recognition and Machine Intelligence",
    volume  = "19",
    number  = "4",
    pages   = "380-393"
}

@article{berger_acl96,
    author  = "A. Berger, and S. {Della Pietra}, and V. {Della Pietra}",
    title   = "A maximum entropy approach to natural language processing",
    year    = "1996",
    journal = "Proceedings of the Association for Computational Linguistics",
    volume  = "",
    number  = "",
    pages   = ""
}

@article{ratnaparkhi_phd98,
    author  = "A. Ratnaparkhi",
    title   = "Maximum Entropy Models for Natural Language Ambiguity Resolution",
    year    = "1998",
    journal = "PhD thesis, University of Pennsylvania",
    volume  = "",
    number  = "",
    pages   = ""
}

@article{rosenfeld_csl96,
    author  = "R. Rosenfeld",
    title   = "A maximum entropy approach to adaptive statistical language modeling",
    year    = "1996",
    journal = "Computer Speech and Language",
    volume  = "10",
    number  = "",
    pages   = "187-228"
}

@article{lau_ms94,
    author  = "R. Lau",
    title   = "Adaptive statistical language modeling",
    year    = "1994",
    journal = "MS thesis, Massachusetts Insitute of Technology",
    volume  = "",
    number  = "",
    pages   = ""
}

@article{lau_hlt93,
    author  = "R. Lau, and R. Rosenfeld, and S. Roukos,",
    title   = "Adaptive language modeling using the maximum entropy principle.",
    year    = "1993",
    journal = "Proceedings of the ARPA Workshop on Human Language Technology",
    volume  = "",
    number  = "",
    pages   = ""
}

@article{rosenfeld_phd98,
    author  = "R. Rosenfeld",
    title   = "Adaptive Statistical Language Modeling: A Maximum Entropy Approach",
    year    = "1998",
    journal = "PhD thesis, Carnegie Mellon University",
    volume  = "",
    number  = "",
    pages   = ""
}

@article{chen_sap00,
    author  = "S. F. Chen and R. Rosenfeld",
    title   = "A Survey of Smoothing Techniques for Maximum Entropy Models",
    year    = "2000",
    journal = "IEEE Transactions on Speech and Audio Processing",
    volume  = "",
    number  = "",
    pages   = "37-50"
}

@article{goodman_acl96,
    author  = "S. F. Chen and J. Goodman",
    title   = "An Empirical Study of Smoothing Techniques for Language Modeling",
    year    = "1996",
    journal = "Proceedings of the Association for Computational Linguistics",
    volume  = "",
    number  = "",
    pages   = ""
}

@article{goodman_tr98,
    author  = "S. F. Chen and J. Goodman",
    title   = "An Empirical Study of Smoothing Techniques for Language Modeling",
    year    = "1998",
    journal = "Technical report, Harvard University.",
    volume  = "",
    number  = "",
    pages   = ""
}

@article{bengio_jmlr03,
    author  = "Y. Bengio, and R. Ducharme, and P. Vincent, and C. Jauvin,",
    title   = "A neural probabilistic language model",
    year    = "2003",
    journal = "Journal of Machine Learning Research",
    volume  = "3",
    number  = "",
    pages   = "1137-1155"
}

@article{bengio_aistats03,
    author  = "Y. Bengio, and J-S. Senecal,",
    title   = "Quick training of probabilistic neural nets by importance sampling.",
    year    = "2003",
    journal = "Proceedings of the Conference on Artificial Intelligence and Statistics.",
    volume  = "",
    number  = "",
    pages   = ""
}

@article{morin_aistats05,
    author  = "F. Morin, and Y. Bengio",
    title   = "Hierarchical probabilistic neural network language model",
    year    = "2005",
    journal = "Proceedings of the International Conference on Artificial Intelligence and Statistics",
    volume  = "",
    number  = "",
    pages   = ""
}

@article{schwenk_ijcnn04,
    author  = "H. Schwenk",
    title   = "Efficient Training of Large Neural Networks for Language Modeling",
    year    = "2004",
    journal = "Proceedings of the International Joint Conference on Neural Networks",
    volume  = "",
    number  = "",
    pages   = ""
}

@article{schwenk_emnlp05,
    author  = "H. Schwenk and J-L. Gauvain",
    title   = "Training Neural Network Language Models On Very Large Corpora ",
    year    = "2005",
    journal = "Proceedings of the Empirical Methods in Natural Language Processing",
    volume  = "",
    number  = "",
    pages   = ""
}

@article{mnih_icml07,
    author  = "A. Mnih and G. Hinton",
    title   = "Three New Graphical Models for Statistical Language Modelling ",
    year    = "2007",
    journal = "Proceedings of the International Conference on Machine Learning",
    volume  = "",
    number  = "",
    pages   = ""
}

@article{mnih_nips08,
    author  = "A. Mnih and G. Hinton ",
    title   = "A Scalable Hierarchical Distributed Language Model",
    year    = "2008",
    journal = "Advances in Neural Information Processing Systems",
    volume  = "",
    number  = "",
    pages   = ""
}

@article{goldwater_jmlr11,
    author  = "S. Goldwater and T. L. Griffiths and M. Johnson",
    title   = "Producing power-law distributions and damping word frequencies with two-stage language models",
    year    = "2011",
    journal = "Journal of Machine Learning Research",
    volume  = "12",
    number  = "",
    pages   = "2335-2382"
}

@article{goldwater_nips06,
    author  = "S. Goldwater, and T. L. Griffiths, and M, Johnson.",
    title   = "Interpolating Between Types and Tokens by Estimating Power-Law Generators.",
    year    = "2006",
    journal = "Advances in Neural Information Processing Systems ",
    volume  = "",
    number  = "",
    pages   = ""
}

@article{teh_acl06,
    author  = "Y. W. Teh",
    title   = "A Hierarchical Bayesian Language Model based on Pitman-Yor Processes",
    year    = "2006",
    journal = "Proceedings of the Association for Computation Linguistics",
    volume  = "",
    number  = "",
    pages   = ""
}

@article{wood_icml10,
    author  = "F. Wood, and C. Archambeau, and J. Gasthaus, and L. James, and Y.W. Teh,",
    title   = "A Stochastic Memoizer for Sequence Data",
    year    = "2010",
    journal = "Proceedings of the International Conference on Machine Learning",
    volume  = "",
    number  = "",
    pages   = ""
}

@article{wood_cacm10,
    author  = "F. Wood, and J. Gasthaus, and C. Archambeau, and L. James, and Y.W. Teh",
    title   = "The Stochastic Memoizer",
    year    = "2011",
    journal = "Communications of the Association for Computing Machinery",
    volume  = "54",
    number  = "2",
    pages   = "91-98"
}

@article{kennington_lrec12,
    author  = "C. R. Kennington, and M. Kay, and A. Friedrich,",
    title   = "Suffix Trees as Language Models",
    year    = "2012",
    journal = "Language Resources and Evaluation Conference"",
    volume  = "",
    number  = "",
    pages   = ""
}

@article{hu_nips09,
    author  = "C. Hu, and J. T. Kwok, and W. Pan,",
    title   = "Accelerated Gradient Methods for Stochastic Optimization and Online Learning",
    year    = "2009",
    journal = "Advances in Neural Information Processing Systems",
    volume  = "",
    number  = "",
    pages   = ""
}

@article{beck_jis09,
    author  = "A. Beck, and M. Teboulle,",
    title   = "A Fast Iterative Shrinkage-Thresholding Algorithm for Linear Inverse Problems",
    year    = "2009",
    journal = "SIAM Journal of Imaging Sciences",
    volume  = "",
    number  = "",
    pages   = ""
}

%@article{nesterov_core07,
%    author  = "Y. Nesterov,",
%    title   = "Gradient methods for minimizing composite objective function",
%    year    = "2007",
%    journal = "CORE Discussion Paper",
%    volume  = "",
%    number  = "",
%    pages   = ""
%}

@article{tseng_jopt08,
    author  = "P. Tseng,",
    title   = "On Accelerated Proximal Gradient Methods for Convex-Concave Optimization.",
    year    = "2008",
    journal = "SIAM Journal on Optimization",
    volume  = "To appear",
    number  = "",
    pages   = ""
}

@article{nesterov_doklady83,
    author  = "Y. Nesterov,",
    title   = "A method of solving a convex programming problem with convergence rate {$O(1/k^2)$}.",
    year    = "1983",
    journal = "Soviet Mathematics Doklady",
    volume  = "27",
    number  = "",
    pages   = "372-376"
}

%@article{nemirovski_ln94,
%    author  = "A. Nemirovski,",
%    title   = "Efficient methods in convex programming.",
%    year    = "1994",
%    journal = "Lecture notes.",
%    volume  = "",
%    number  = "",
%    pages   = ""
%}

@article{duchi_jmlr09,
    author  = "J. Duchi, and Y. Singer",
    title   = "Efficient Online and Batch Learning using Forward-Backward Splitting.",
    year    = "2009",
    journal = "Journal of Machine Learning Research",
    volume  = "10",
    number  = "",
    pages   = "2873-2898"
}

@article{xiao_jmlr10,
    author  = "L. Xiao,",
    title   = "Dual Averaging Methods for Regularized Stochastic Learning and Online Optimization.",
    year    = "2010",
    journal = "Journal of Machine Learning Research",
    volume  = "11",
    number  = "",
    pages   = "2543-2596"
}

@article{jenatton_jmlr11,
    author  = "R. Jenatton, and J. Mairal, and G. Obozinski, and  F. Bach",
    title   = "Proximal Methods for Hierarchical Sparse Coding",
    year    = "2011",
    journal = " Journal of Machine Learning Research",
    volume  = "12",
    number  = "",
    pages   = "2297-2334"
}

@article{jenatton_jmlr11b,
    author  = "R. Jenatton, and J-Y. Audibert, and  F. Bach",
    title   = "Structured Variable Selection with Sparsity-Inducing Norms",
    year    = "2011",
    journal = " Journal of Machine Learning Research",
    volume  = "12",
    number  = "",
    pages   = "2777-2824"
}

@book{bishop_book06,
  title={Pattern recognition and machine learning},
  author={ C.M. Bishop,},
  volume={4},
  year={2006},
  publisher={Springer New York}
}

@book{jurafsky_book08,
    author  = {D. Jurafsky, and J. H. Martin,},
    title   = {Speech and Language Processing},
    year    = {2008},
    publisher = {Pearson Prentice Hall}
}

@book{manning_book99,
    author  = {C. D. Manning, and H. Schutze,},
    title   = {Foundations of Statistical Natural Language Processing},
    year    = {1999},
    publisher = {The MIT Press}
}

@article{srilm,
    author  = "A. Stolcke",
    title   = "SRILM- An Extensible Language Modeling Toolkit",
    year    = "2002",
    journal = "Proceedings of International Conference on Spoken Language Processing",
    volume  = "Second Edition",
    number  = "",
    pages   = ""
}

@article{obozinski_icml09,
    author  = "G. Obozinski, and L. Jacob, and J. P. Vert,",
    title   = "Group Lasso with Overlaps: the Latent group Lasso approach",
    year    = "2009",
    journal = "Proceedings of the International Conference on Machine Learning",
    volume  = "",
    number  = "",
    pages   = ""
}

@article{kim_icml10,
    author  = "Kim, S. and Xing, E. P.",
    title   = "Tree-Guided Group Lasso for Multi-Task Regression with Structured Sparsity",
    year    = "2010 ",
    journal = "Proceedings of the International Conference on Machine Learning",
    volume  = "",
    number  = "",
    pages   = ""
}

@article{kim_stat12,
    author  = "Kim, S. and Xing, E. P.",
    title   = "Tree-guided group lasso for multi-response regression with structured sparsity, with an application to {eQTL} mapping",
    year    = "2012",
    journal = "Annals of Applied Statistics",
    volume  = "6",
    number  = "3",
    pages   = "1095-1117"
}

@article{obozinski_nips09,
    author  = "G. Obozinski, M. J. Wainwright, M. I. Jordan",
    title   = "High-dimensional union support recovery in multivariate regression",
    year    = "2009",
    journal = "Advances in Neural Information Processing Systems",
    volume  = "",
    number  = "",
    pages   = ""
}

@article{obozinski_sco10,
    author  = "G. Obozinski, M. J. Wainwright, M. I. Jordan",
    title   = "Joint covariate selection and joint subspace selection for multiple classification problems",
    year    = "2010",
    journal = "Statistics and Computing",
    volume  = "20",
    number  = "2",
    pages   = "231-252"
}

@article{shor_book,
    author  = "N. Z. Shor",
    title   = "Minimization Methods for Non-differentiable Functions",
    year    = "1985",
    journal = "Springer-Verlag",
    volume  = "",
    number  = "",
    pages   = ""
}

@article{zhao_jmlr06,
    author  = "P. Zhao, and B. Yu",
    title   = "On Model Selection Consistency of Lasso",
    year    = "2006",
    journal = "Journal of Machine Learning Research",
    volume  = "7",
    number  = "",
    pages   = "2006"
}

@article{yuan_royalstat07,
    author  = "M. Yuan and Y. Lin",
    title   = "On the non-negative garrotte estimator.",
    year    = "2007",
    journal = "Journal of the Royal Statistical Society Series B",
    volume  = "69",
    number  = "2",
    pages   = "143-161"
}

@article{fu_graphstat98,
    author  = " W. J. Fu",
    title   = "Penalized regressions: the bridge vs. the Lasso",
    year    = "1998",
    journal = "Journal of Computational and Graphical Statistics",
    volume  = "7",
    number  = "3",
    pages   = "397-416"
}

@article{owen_tr06,
    author  = "A. Owen",
    title   = "A robust hybrid of lasso and ridge regression",
    year    = "2006",
    journal = "Technical report, Stanford University",
    volume  = "",
    number  = "",
    pages   = ""
}

@article{zou_amstat06,
    author  = "H. Zou",
    title   = "The adaptive Lasso and its oracle properties.",
    year    = "2006",
    journal = "Journal of the American Statistical Association",
    volume  = "101",
    number  = "",
    pages   = "1418-1429"
}

@article{wainwright_tr06,
    author  = "M. J. Wainwright",
    title   = "Sharp thresholds for noisy and high-dimensional recovery of sparsity using $\ell_1$-constrained quadratic programming.",
    year    = "2006",
    journal = "Technical Report 709, Department of Statistics, UC Berkeley",
    volume  = "",
    number  = "",
    pages   = ""
}

@article{tibshirani_royalstat96,
    author  = "Tibshirani, R.",
    title   = "Regression shrinkage and selection via the lasso.",
    year    = "1996",
    journal = "Journal of the Royal Statistical Society Series B",
    volume  = "58",
    number  = "1",
    pages   = "267-288"
}

@article{chen_scicomp98,
    author  = "S.S. Chen, and D. L. Donoho, and M. A. Saunders",
    title   = "Atomic Decomposition by Basis Pursuit",
    year    = "1998",
    journal = "SIAM Journal on Scientific Computing",
    volume  = "20",
    number  = "",
    pages   = "33-61"
}

@article{candes_spmag08,
    author  = "E. J. Candes, and M. Wakin,",
    title   = "An introduction to compressive sampling.",
    year    = "2008",
    journal = "IEEE Signal Processing Magazine",
    volume  = "",
    number  = "",
    pages   = "21-30"
}

@article{zou_stat09,
    author  = "H. Zou, and H. H. Zhang,",
    title   = "On the adaptive elastic-net with a diverging number of parameters.",
    year    = "2009",
    journal = "Annals of Statistics",
    volume  = "4",
    number  = "",
    pages   = "1733-1751"
}

@article{tibshirani_royalstat05,
    author  = "R. Tibshirani, and M. Saunders, and S. Rosset, and J. Zhu, and K. Knight,",
    title   = "Sparsity and smoothness via the fused lasso",
    year    = "2005",
    journal = "The Journal of the Royal Society of Statistics Series B",
    volume  = "67",
    number  = "1",
    pages   = "91-108"
}

@article{tropp_tinfo07,
    author  = "Tropp, J. A.  and  Gilbert, A. C. ",
    title   = "Signal recovery from random measurements via Orthogonal Matching Pursuit",
    year    = "2007",
    journal = "IEEE Transactions on Information Theory",
    volume  = "53",
    number  = "",
    pages   = "4655-4666"
}

@article{haupt_cip06,
    author  = "Haupt, J. and Nowak, R.",
    title   = "Compressive sampling vs. conventional imaging",
    year    = "2006",
    journal = "Proceedings of the International Conference on Image Processing",
    volume  = "",
    number  = "",
    pages   = ""
}

@article{baraniuk_tr08,
    author  = "Baraniuk, R. G. and Cevher, V.  and Duarte, M. F. and Hegde, C.",
    title   = "Model-based compressive sensing",
    year    = "2008",
    journal = "Technical report",
    volume  = "arXiv:0808.3572",
    number  = "",
    pages   = ""
}

@article{huang_icml09,
    author  = "Huang, J. and Zhang, T. and Metaxas, D.",
    title   = "Learning with structured sparsity",
    year    = "2009",
    journal = "Proceedings of the International Conference on Machine Learning",
    volume  = "",
    number  = "",
    pages   = ""
}

@article{meinshausen_csda08,
    author  = "Meinshausen, N.",
    title   = "Relaxed Lasso",
    year    = "2008",
    journal = "Journal of Computational Statistics and Data Analysis",
    volume  = "52",
    number  = "1",
    pages   = "374-393"
}

@article{meinshausen_tr08,
    author  = "Meinshausen, N. and Buhlmann, P.",
    title   = "Stability selection.",
    year    = "2008.",
    journal = "Technical report",
    volume  = "arXiv: 0809.2932",
    number  = "",
    pages   = ""
}

@article{wasserman_stat09,
    author  = "Wasserman, L. and Roeder, K.",
    title   = "High dimensional variable selection.",
    year    = "2009",
    journal = "Annals of statistics",
    volume  = "37",
    number  = "5(A)",
    pages   = "2178-2201"
}

@article{bach_icml08,
    author  = "Bach, F.",
    title   = "Bolasso: model consistent lasso estimation through the bootstrap",
    year    = "2008a",
    journal = "Proceedings of the International Conference on Machine Learning",
    volume  = "",
    number  = "",
    pages   = ""
}

@article{bach_jmlr08,
    author  = "Bach, F.",
    title   = "Consistency of the group Lasso and multiple kernel learning.",
    year    = "2008b",
    journal = "Journal of Machine Learning Research",
    volume  = "9",
    number  = "",
    pages   = "1179-1225"
}

@article{lounici_elecstat08,
    author  = "Lounici, K.",
    title   = "Sup-norm convergence rate and sign concentration property of Lasso and Dantzig estimators.",
    year    = "2008",
    journal = "Electronic Journal of Statistics",
    volume  = "2",
    number  = "",
    pages   = "90-102"
}

@article{nardi_elecstat08,
    author  = "Nardi, Y. and Rinaldo, A.",
    title   = "On the asymptotic properties of the group Lasso estimator for linear models.",
    year    = "2008",
    journal = "Electronic Journal of Statistics",
    volume  = "2",
    number  = "",
    pages   = "605-633"
}

@article{Chesneau_mathstat08,
    author  = "Chesneau , C. and M. Hebiri ",
    title   = "Some theoretical results on the grouped variables Lasso.",
    year    = "2008",
    journal = "Mathematical Methods of Statistics",
    volume  = "17",
    number  = "4",
    pages   = "317-326"
}

@article{nardi_bernoulli12,
    author  = "Nardi, Y. and Rinaldo, A.",
    title   = "The log-linear group Lasso and its asymptotic properties.",
    year    = "2012",
    journal = "Bernoulli",
    volume  = "18",
    number  = "3",
    pages   = "945-974"
}

@article{percival_elecstat12,
    author  = "D. Percival",
    title   = "Theoretical Properties of the Overlapping Groups Lasso.",
    year    = "2012",
    journal = "Electronic Journal of Statistics",
    volume  = "6",
    number  = "",
    pages   = "269-288"
}

@article{huang_jmlr11,
    author  = "Huang, J. and Zhang, T. and Metaxas, D.",
    title   = "Learning with Structured Sparsity",
    year    = "2011",
    journal = "Journal of Machine Learning Research ",
    volume  = "12",
    number  = "",
    pages   = "3371-3412"
}

@article{koltchinskii_colt08,
    author  = "Koltchinskii, V. and  Yuan, M.",
    title   = "Sparse Recovery in Large Ensembles of Kernel Machines On-Line Learning and Bandits",
    year    = "2008",
    journal = "Proceedings of the Conference on Learning Theory",
    volume  = "",
    number  = "",
    pages   = ""
}

@article{huang_stat04,
    author  = "J. Huang and T. Zhang",
    title   = "The benefit of group sparsity",
    year    = "2010",
    journal = "Annals of Statistics",
    volume  = "38",
    number  = "4",
    pages   = "1978-2004"
}

@article{wipf_nips05,
    author  = "Wipf, D. and Rao, B.",
    title   = "$\ell_0$-norm minimization for basis selection",
    year    = "2005",
    journal = "Advances in Neural Information Processing Systems",
    volume  = "",
    number  = "",
    pages   = ""
}

@article{wipf_tsp07,
    author  = "Wipf, D. and Rao, B.",
    title   = "An Empirical Bayesian Strategy for Solving the Simultaneous Sparse Approximation Problem",
    year    = "2007",
    journal = "IEEE Transactions on Signal Processing",
    volume  = "55",
    number  = "7",
    pages   = "3704-3716"
}

@article{argyriou_ml08,
    author  = "Argyriou, A., and Evgeniou, T.  and Pontil, M.",
    title   = "Convex multi-task feature learning",
    year    = "2008",
    journal = "Journal of Machine Learning",
    volume  = "73",
    number  = "3",
    pages   = "243-272"
}

@article{argyriou_ml07,
    author  = "Argyriou, A., and Evgeniou, T.  and Pontil, M.",
    title   = "Multi-task feature learning",
    year    = "2007",
    journal = "Advances in Neural Information Processing Systems",
    volume  = "",
    number  = "",
    pages   = ""
}

@article{ji_tsp09,
    author  = "Ji, S. and Dunson, D. and Carin, L.",
    title   = "Multitask Compressive Sensing",
    year    = "2009",
    journal = "IEE Transactions on Signal Processing",
    volume  = "57",
    number  = "1",
    pages   = "92-106"
}

@article{he_tsp09,
    author  = "He, L. and Carin, L. ",
    title   = "Exploiting structure in wavelet-based bayesian compressive sensing",
    year    = "2009",
    journal = "IEEE Transaction on Signal Processing",
    volume  = "57",
    number  = "",
    pages   = "3488-3497"
}

@article{parikh_fto13,
    author  = "Parikh, N. and Boyd, S.",
    title   = "Proximal Algorithms",
    year    = "2013",
    journal = "Foundations and Trends in Optimization",
    volume  = "1",
    number  = "3",
    pages   = "123-231"
}

@article{zhang_hb08,
    author  = "Zhang, Y. and d'Aspremont, A. and {El Ghaoui}, L. ",
    title   = "Sparse PCA: Convex Relaxations, Algorithms and Applications.",
    year    = "2008",
    journal = "Handbook on Semidefinite, Cone and Polynomial Optimization",
    volume  = "",
    number  = "",
    pages   = "915-940"
}

@article{dAspremont_jmlr08,
    author  = "d'Aspremont, A. and Bach, F. and El Ghaoui, L. ",
    title   = "Optimal Solutions for Sparse Principal Component Analysis.",
    year    = "2008",
    journal = "Journal of Machine Learning Research",
    volume  = "9",
    number  = "",
    pages   = "1269-1294"
}

@article{witten_biostat09,
    author  = "Witten, D. M. and Tibshirani, R.  and Hastie, T.",
    title   = "A penalized matrix decomposition, with applications to sparse principal components and canonical correlation analysis.",
    year    = "2009",
    journal = "Journal of Biostatistics,",
    volume  = "10",
    number  = "3",
    pages   = "515-534"
}

@article{bach_tr08,
    author  = "Bach, F. and Mairal, J. and Ponce, J.",
    title   = "Convex sparse matrix factorizations",
    year    = "2008",
    journal = "Technical Report",
    volume  = "arXiv:0812.1869",
    number  = "",
    pages   = ""
}

@article{olshausen_vr97,
    author  = "Olshausen, B. A. and Field, D. J.",
    title   = "Sparse coding with an overcomplete basis set: A strategy employed by V1?",
    year    = "1997",
    journal = "Journal of Vision Research",
    volume  = "37",
    number  = "",
    pages   = "3311-3325"
}

@article{elad_tip06,
    author  = "Elad , M. and Aharon, M.",
    title   = "Image denoising via sparse and redundant representations over learned dictionaries",
    year    = "2006",
    journal = "IEEE Transactions on Image Processing",
    volume  = "15",
    number  = "12",
    pages   = "3736-3745"
}

@article{lee_nips07,
    author  = "Lee, H. and Battle, A. and Raina, R. and Ng, A.",
    title   = "Efficient sparse coding algorithms",
    year    = "2007",
    journal = "Advances in Neural Information Processing Systems ",
    volume  = "",
    number  = "",
    pages   = ""
}

@article{mairal_icml09,
    author  = "Mairal, J. and Bach, F.  and Ponce, J. and Sapiro, G.",
    title   = "Online dictionary learning for sparse coding.",
    year    = "2009a",
    journal = "Proceedings of the International Conference on Machine Learning ",
    volume  = "",
    number  = "",
    pages   = ""
}

@article{mairal_thesis,
    author  = "Mairal, J.",
    title   = "Sparse coding for machine learning, image processing and computer vision.",
    year    = "2010",
    journal = "PhD thesis, Ecole Normale Superieure de Cachan",
    volume  = "",
    number  = "",
    pages   = ""
}

@article{mairal_iccv09,
    author  = "Mairal, J. and Bach, F.  and Ponce, J. and Sapiro, G. and Zisserman, A.",
    title   = "Non-local sparse models for image restoration",
    year    = "2009b",
    journal = "Proceedings of the International Conference on Computer Vision",
    volume  = "",
    number  = "",
    pages   = ""
}

@article{mairal_nips09,
    author  = "Mairal, J. and Bach, F.  and Ponce, J. and Sapiro, G. and Zisserman, A.",
    title   = "Supervised dictionary learning.",
    year    = "2009c",
    journal = "Advances in Neural Information Processing Systems ",
    volume  = "",
    number  = "",
    pages   = ""
}

@article{tropp_sp06a,
    author  = "Tropp, J. A. and Gilbert, A. C. and Strauss, M. J.",
    title   = "Algorithms for simultaneous sparse approximation. Part I: Greedy pursuit",
    year    = "2006a",
    journal = "Journal of Signal Processing",
    volume  = "86",
    number  = "",
    pages   = "572-588"
}

@article{tropp_sp06b,
    author  = "Tropp, J. A. and Gilbert, A. C. and Strauss, M. J.",
    title   = "Algorithms for simultaneous sparse approximation. Part II: Convex relaxation",
    year    = "2006b",
    journal = "Journal of Signal Processing",
    volume  = "86",
    number  = "",
    pages   = "589-602"
}

@article{obozinski_sco09,
    author  = "Obozinski, G. and Taskar, B. and Jordan, M. I.",
    title   = "Joint covariate selection and joint subspace selection for multiple classification problems.",
    year    = "2009",
    journal = "Journal of Statistics and Computing",
    volume  = "20",
    number  = "2",
    pages   = "231-252"
}

@article{obozinski_nips08,
    author  = "Obozinski, G. and Wainwright, M. J. and Jordan, M. I.",
    title   = "High-dimensional union support recovery in multivariate regression.",
    year    = "2008",
    journal = "Advances in Neural Information Processing Systems",
    volume  = "",
    number  = "",
    pages   = ""
}

@article{lounici_colt09,
    author  = "K. Lounici, and A. B. Tsybakov, and M. Pontil, and S. A. {van de Geer},",
    title   = "Taking advantage of sparsity in multi-task.",
    year    = "2009",
    journal = "Proceedings of Conference on Computational Learning Theory ",
    volume  = "",
    number  = "",
    pages   = ""
}

@article{amit_icml07,
    author  = "Y. Amit, and M. Fink, and N. Srebro, and S. Ullman,",
    title   = "Uncovering shared structures in multiclass classification.",
    year    = "2007",
    journal = "Proceedings of the International Conference on Machine Learning ",
    volume  = "",
    number  = "",
    pages   = ""
}

@article{harchaoui_cvpr12,
    author  = "Z. Harchaoui, and M. Douze, and M. Paulin, and M. Dudik, and J. Malick",
    title   = "Large-scale classification with trace-norm regularization",
    year    = "2012",
    journal = "Proceedings of the IEEE Conference on Computer Vision and Pattern Recognition",
    volume  = "",
    number  = "",
    pages   = ""
}

@article{raina_icml07,
    author  = "R. Raina, and A. Battle, and H. Lee, and B. Packer, and A.Y. Ng",
    title   = "Self-taught learning: Transfer learning from unlabeled data.",
    year    = "2007",
    journal = "Proceedings of the International Conference on Machine Learning ",
    volume  = "",
    number  = "",
    pages   = ""
}

@article{boureau_cvpr10,
    author  = "Y-L. Boureau, and F. Bach, and Y. Lecun, and J. Ponce",
    title   = "Learning mid-level features for recognition.",
    year    = "2010",
    journal = "Proceedings of the IEEE Conference on Computer Vision and Pattern Recognition",
    volume  = "",
    number  = "",
    pages   = ""
}

@article{yang_cvpr09,
    author  = "J. Yang, and K. Yu, and Y. Gong, and T. Huang,",
    title   = "Linear spatial pyramid matching using sparse coding for image classification",
    year    = "2009",
    journal = "Proceedings of the IEEE Conference on Computer Vision and Pattern Recognition",
    volume  = "",
    number  = "",
    pages   = ""
}

@article{yang_cvpr10,
    author  = "J. Yang, and K. Yu, and T. Huang,",
    title   = "Supervised translation-invariant sparse coding",
    year    = "2010",
    journal = "Proceedings of the IEEE Conference on Computer Vision and Pattern Recognition",
    volume  = "",
    number  = "",
    pages   = ""
}

@article{leordeanu_cvpr07,
    author  = "M. Leordeanu, and M. Hebert, and R. Sukthankar",
    title   = "Beyond local appearance: Category recognition from pairwise interactions of simple features. ",
    year    = "2007",
    journal = "Proceedings of the IEEE Conference on Computer Vision and Pattern Recognition",
    volume  = "",
    number  = "",
    pages   = ""
}

@article{mairal_pami12,
    author  = "J. Mairal, and F. Bach, and J. Ponce",
    title   = "Task-driven dictionary learning",
    year    = "2012",
    journal = "IEEE Transactions on Pattern Analysis and Machine Intelligence",
    volume  = "34",
    number  = "4",
    pages   = "791-804"
}

@article{couzinie_tr11,
    author  = "F. Couzinie-Devy, and J. Mairal, and F. Bach, and J. Ponce",
    title   = "Dictionary Learning for Deblurring and Digital Zoom",
    year    = "2011",
    journal = "Technical report",
    volume  = "",
    number  = "",
    pages   = ""
}

@article{mairal_eccv08,
    author  = "J. Mairal, and M. Leordeanu, and F. Bach, and M. Hebert, and J. Ponce. ",
    title   = "Discriminative sparse image models for class-specific edge detection and image interpretation. ",
    year    = "2008",
    journal = "Proceedings of the European Conference on Computer Vision (ECCV)",
    volume  = "",
    number  = "",
    pages   = ""
}

@article{benaroya_tsap06,
    author  = "L. Benaroya, and F. Bimbot, and R. Gribonval",
    title   = "Audio source separation with a single sensor.",
    year    = "2006",
    journal = "IEEE Transactions on Speech and Audio Processing",
    volume  = "14",
    number  = "1",
    pages   = "191-199"
}

@article{varoquaux_nips10,
    author  = "G. Varoquaux, and R. Jenatton, and A. Gramfort, and G. Obozinski, and B. Thirion and F. Bach",
    title   = "Sparse Structured Dictionary Learning for Brain Resting-State Activity Modeling",
    year    = "2010",
    journal = "NIPS Workshop on Practical Applications of Sparse Modeling: Open Issues and New Directions.",
    volume  = "",
    number  = "",
    pages   = ""
}

@article{jenatton_jis12,
    author  = "R. Jenatton, and A. Gramfort, and V. Michel, and G. Obozinski, and E. Eger, and F. Bach and B. Thirion",
    title   = "Multi-scale Mining of fMRI Data with Hierarchical Structured Sparsity",
    year    = "2012",
    journal = "SIAM Journal of Imaging Sciences",
    volume  = "5",
    number  = "3",
    pages   = "835-856"
}

@article{eisenstein_acl11,
    author  = "J. Eisenstein, and N. A. Smith, and E. P. Xing,",
    title   = "Discovering Sociolinguistic Associations with Structured Sparsity",
    year    = "2011",
    journal = "Proceedings of the Association for Computational Linguistics",
    volume  = "",
    number  = "",
    pages   = ""
}

@article{rapaport_bioinf08,
    author  = "F. Rapaport, and E. Barillot, and J.-P. Vert,",
    title   = "Classification of arrayCGH data using fused SVM",
    year    = "2008",
    journal = "Journal of Bioinformatics",
    volume  = "24",
    number  = "13",
    pages   = "375-382"
}

@article{ravikumar_stat10,
    author  = "P. Ravikumar, and M. J. Wainwright, and J. Lafferty,",
    title   = "High-dimensional Ising model selection using $\ell_1$-regularized logistic regression",
    year    = "2010",
    journal = "Annals of Statistics",
    volume  = "38",
    number  = "3",
    pages   = "1287-1319"
}

@article{nardi_jma11,
    author  = "Nardi, Y. and Rinaldo, A.  ",
    title   = "Autoregressive process modeling via the Lasso procedure.",
    year    = "2011",
    journal = "Journal of Multivariate Analysis.",
    volume  = "102",
    number  = "3",
    pages   = "528-549"
}

@article{gramfort_phybio12,
    author  = "A. Gramfort, and M. Kowalski, and M. Hamalainen,",
    title   = "Mixed-norm estimates for the M/EEG inverse problem using accelerated gradient methods",
    year    = "2012",
    journal = "Journal of Physics in Medicine and Biology",
    volume  = "57",
    number  = "7",
    pages   = "1937-1961"
}

@article{bertsekas_book,
    author  = "D. P. Bertsekas,",
    title   = "Nonlinear Programming",
    year    = "2004",
    journal = "Athena Scientific",
    volume  = "2nd edition.",
    number  = "",
    pages   = ""
}

@article{efron_stat04,
    author  = "B. Efron, and T. Hastie, and I. Johnstone, and R. Tibshirani",
    title   = "Least angle regression",
    year    = "2004",
    journal = "Annals of Statistics",
    volume  = "32",
    number  = "2",
    pages   = "407-499"
}

@article{friedman_appstat07,
    author  = "J. Friedman, and T. Hastie, and H. Hofling, and R. Tibshirani",
    title   = "Pathwise coordinate optimization.",
    year    = "2007",
    journal = "Annals of Applied Statistics",
    volume  = "1",
    number  = "2",
    pages   = "302-332"
}

@article{fu_graphstat98,
    author  = "W. Fu,",
    title   = "Penalized regressions: the bridge vs. the Lasso.",
    year    = "1998",
    journal = "Journal of Computational and Graphical Statistics",
    volume  = "7",
    number  = "3",
    pages   = "397-416"
}

@article{tseng_optapp01,
    author  = "P. Tseng",
    title   = "Convergence of block coordinate descent method for nondifferentiable maximation.",
    year    = "2001",
    journal = "Journal of Optimization Theory and Applications",
    volume  = "109",
    number  = "",
    pages   = "474-494"
}

@article{rakotomamonjy_jmlr08,
    author  = "A. Rakotomamonjy, and F. Bach, and S. Canu, and Y. Grandvalet",
    title   = "{SimpleMKL}",
    year    = "2008",
    journal = "Journal of Machine Learning Research",
    volume  = "9",
    number  = "",
    pages   = "2491-2521"
}

@article{nesterov_tr07,
    author  = "Y. Nesterov,",
    title   = "Gradient methods for minimizing composite objective function.",
    year    = "2007",
    journal = "Technical report 76, Center for Operations Research and Econometrics, Catholic University of Louvain",
    volume  = "",
    number  = "",
    pages   = ""
}

@article{bach_ftml12,
    author  = "F. Bach, and R. Jenatton, and J. Mairal, and G. Obozinski",
    title   = "Optimization with sparsity-inducing penalties.",
    year    = "2012",
    journal = "Foundations and Trends in Machine Learning",
    volume  = "4",
    number  = "1",
    pages   = "1-106"
}

@article{yuan_royalstat06,
    author  = "M. Yuan, and Y. Lin",
    title   = "Model selection and estimation in regression with grouped variables.",
    year    = "2006",
    journal = "Journal of the Royal Statistical Society Series B",
    volume  = "68",
    number  = "1",
    pages   = "49-67"
}

@article{ravikumar_aistats11,
    author  = "P. Ravikumar, and A. Tewari, and E. Yang,",
    title   = "On the NDCG Consistency of Listwise Ranking Methods",
    year    = "2011",
    journal = "Proceedings of the Conference on Artificial Intelligence and Statistics",
    volume  = "",
    number  = "",
    pages   = ""
}

@article{chen_nips09,
    author  = "W. Chen, and T. Liu, and Y. Lan, and Z. Ma, and  H. Li",
    title   = "Ranking Measures and Loss Functions in Learning to Rank",
    year    = "2009",
    journal = "Advances in Neural Information Processing Systems",
    volume  = "",
    number  = "",
    pages   = ""
}

@article{boyd_nips12,
    author  = "S. Boyd, and C. Cortes, and M. Mohri, and A. Radovanovic",
    title   = "Accuracy at the Top",
    year    = "2012",
    journal = "Advances in Neural Information Processing Systems",
    volume  = "",
    number  = "",
    pages   = ""
}

@article{roark_acl04,
    author  = "B. Roark, and M. Saraclar, and M. Collins, and M. Johnson,",
    title   = "Discriminative Language Modeling with Conditional Random Fields and the Perceptron Algorithm",
    year    = "2004",
    journal = "Proceedings of the Association of Computational Linguistics",
    volume  = "",
    number  = "",
    pages   = ""
}

@article{weinberger_icml09,
    author  = "K. Weinberger, and A. Dasgupta, and J. Langford, and A. Smola, and J. Attenberg",
    title   = "Feature Hashing for Large Scale Multitask Learning",
    year    = "2009",
    journal = "Proceedings of the International Conference on Machine Learning",
    volume  = "",
    number  = "",
    pages   = ""
}

@book{mccullagh_book,
    author  = "P. McCullagh, and J. A. Nelder",
    title   = "Generalized Linear Models, Second Edition",
    year    = "1989",
    publisher = "Chapman \& Hall/CRC Monographs on Statistics \& Applied Probability"
}

@article{darroch_stat72,
    author  = "J. N. Darroch, and D. Ratcliff,",
    title   = "Generalized iterative scaling for log-linear models",
    year    = "1972",
    journal = "Annals of Mathematical Statistics",
    volume  = "43",
    number  = "",
    pages   = "1470-1480"
}

@article{huang_jmlr10,
    author  = "F-L. Huang, and C-J. Hsieh, and K-W. Chang, and C-J. Lin",
    title   = "Iterative Scaling and Coordinate Descent Methods for Maximum Entropy Models",
    year    = "2010",
    journal = "Journal of Machine Learning Research",
    volume  = "11",
    number  = "",
    pages   = "815-848"
}

@article{goodman_acl02,
    author  = "J. Goodman",
    title   = "Sequential Conditional Generalized Iterative Scaling",
    year    = "2002",
    journal = "Proceedings of the Association for Computational Linguistics",
    volume  = "",
    number  = "",
    pages   = ""
}

@article{goodman_acl04,
    author  = "J. Goodman",
    title   = "Exponential priors for maximum entropy models.",
    year    = "2004",
    journal = "Proceedings of the Association for Computational Linguistics",
    volume  = "",
    number  = "",
    pages   = ""
}

@article{wu_icslp00,
    author  = "J. Wu, and S. Khudanpur,",
    title   = "Efficient Training Methods for Maximum Entropy Language Modeling",
    year    = "2000",
    journal = "Proceedings of International Conference on Spoken Language Processing",
    volume  = "",
    number  = "",
    pages   = ""
}

@article{goodman_icassp01,
    author  = "J. Goodman",
    title   = "Classes for Fast Maximum Entropy Training",
    year    = "2001",
    journal = "Proceedings of the International Conference on Acoustics, Speech, and Signal Processing",
    volume  = "",
    number  = "",
    pages   = ""
}

@article{hastie_book,
    author  = "T. Hastie, and R. Tibshirani, and J. Friedman,",
    title   = "The Elements of Statistical Learning: Data Mining, Inference, and Prediction, Second Edition.",
    year    = "2009",
    journal = "Springer-Verlag",
    volume  = "",
    number  = "",
    pages   = ""
}

@article{boyd_book,
    author  = "S. Boyd, and L. Vandenberghe,",
    title   = "Convex Optimization.",
    year    = "2004",
    journal = "Cambridge University Press",
    volume  = "",
    number  = "",
    pages   = ""
}

@article{tibshirani_jmlr07,
    author  = "R. Tibshirani, and T. Hastie,",
    title   = "Margin trees for high-dimensional classification.",
    year    = "2007",
    journal = "Journal of Machine Learning Research",
    volume  = "8",
    number  = "",
    pages   = "637-652"
}

@article{vural_icml04,
    author  = "V. Vural, and J. G. Dy,",
    title   = "A hierarchical method for multi-class support vector machines.",
    year    = "2004",
    journal = "Proceedings of the International Conference on Machine Learning",
    volume  = "",
    number  = "",
    pages   = ""
}

@article{weston_nips10,
    author  = "J. Weston, and S. Bengio, and D. Grangier,",
    title   = "Label embedding trees for multiclass classification.",
    year    = "2010",
    journal = "Advances in Neural Information Processing Systems",
    volume  = "",
    number  = "",
    pages   = ""
}

@article{gao_iccv11,
    author  = "T. Gao, and D. Koller,",
    title   = "Discriminative learning of relaxed hierarchy for large-scale visual recognition.",
    year    = "2011",
    journal = "Proceedings of the International Conference on Computer Vision",
    volume  = "",
    number  = "",
    pages   = ""
}

@article{wordnet,
    author  = "About Wordnet,",
    title   = "http://wordnet.princeton.edu/",
    year    = "2010",
    journal = "Princeton University.",
    volume  = "",
    number  = "",
    pages   = ""
}

@article{imagenet,
    author  = "J. Deng, and W. Dong, and R. Socher, and L-J. Li, and K. Li, and L. Fei-Fei,",
    title   = "Imagenet: A large-scale hierarchical image database.",
    year    = "2009",
    journal = "Proceedings of the IEEE Conference on Computer Vision and Pattern Recognition",
    volume  = "",
    number  = "",
    pages   = ""
}

@article{dunn_book,
    author  = "G. Dunn, and B. Everitt,",
    title   = "An Introduction to Mathematical Taxonomy",
    year    = "2004",
    journal = "Dover Publications/Cambridge University Press",
    volume  = "",
    number  = "",
    pages   = ""
}

@article{kolaczkowski_nature04,
    author  = "B. Kolaczkowski, and J.W. Thornton,",
    title   = "Performance of maximum parsimony and likelihood phylogenetics when evolution is heterogeneous. ",
    year    = "2004",
    journal = "Nature",
    volume  = "431",
    number  = "7011",
    pages   = "980-984"
}

@article{steel_exs02,
    author  = "M. Steel,",
    title   = "Some statistical aspects of the maximum parsimony method.",
    year    = "2002",
    journal = "Experientia Supplementum",
    volume  = "92",
    number  = "",
    pages   = "125-140"
}

@article{bach_icml05,
    author  = "F. Bach, and M. Jordan,",
    title   = "Predictive low-rank decomposition for kernel methods.",
    year    = "2005",
    journal = "Proceedings of the International Conference on Machine Learning",
    volume  = "",
    number  = "",
    pages   = ""
}

@article{goemans_jacm05,
    author  = "M. X. Goemans, and D. P. Williamson,",
    title   = "Improved approximation algorithms for maximum cut and satisfiability problems using semidefinite programming",
    year    = "2005",
    journal = "Journal of the ACM",
    volume  = "42",
    number  = "6",
    pages   = "1115-1145"
}

@article{bach_nips07,
    author  = "F. Bach, and Z. Harchaoui,",
    title   = "Diffrac: a discriminative and flexible framework for clustering.",
    year    = "2007",
    journal = "Advances in Neural Information Processing Systems",
    volume  = "",
    number  = "",
    pages   = ""
}

@article{joulin_nips10,
    author  = "A. Joulin, and F. Bach, and J. Ponce,",
    title   = "Efficient optimization for discriminative latent class models. ",
    year    = "2010",
    journal = "Advances in Neural Information Processing Systems",
    volume  = "",
    number  = "",
    pages   = ""
}

@article{frank_tr04,
    author  = "A. Frank,",
    title   = "On Kuhn's Hungarian method - a tribute from Hungary.",
    year    = "2004",
    journal = "Technical report, Egervary Research Group, Budapest, www.cs.elte.hu/egres.",
    volume  = "",
    number  = "",
    pages   = ""
}

@article{journee_jopt10,
    author  = "M. Journee, and F. Bach, and P-A. Absil, and R. Sepulchre,",
    title   = "Low-Rank Optimization on the Cone of Positive Semidefinite Matrices. ",
    year    = "2010",
    journal = "SIAM Journal on Optimization",
    volume  = "20",
    number  = "5",
    pages   = "2327-2351"
}

@article{bishop_book,
    author  = "C.M. Bishop,",
    title   = "Pattern Recognition and Machine Learning",
    year    = "2006",
    journal = "Springer-Verlag",
    volume  = "",
    number  = "",
    pages   = ""
}

@article{goldwater_jmlr11,
    author  = "S. Goldwater, and T. L. Griffiths, and M. Johnson",
    title   = "Producing Power-Law Distributions and Damping Word Frequencies with Two-Stage Language Models.",
    year    = "2011",
    journal = "Journal of Machine Learning Research",
    volume  = "12",
    number  = "",
    pages   = "2335-2382"
}

@article{mikolov_interspeech10,
    author  = "T. Mikolov, and M. Karafiat, and L. Burget, and J. Cernocky, and S. Khudanpur",
    title   = "Recurrent neural network based language model",
    year    = "2010",
    journal = "Proceedings of the Annual Conference of the International Speech Communication Association",
    volume  = "",
    number  = "",
    pages   = ""
}

@article{mikolov_asru11,
    author  = "T. Mikolov, and  A. Deoras, and D. Povey, and  L. Burget, and J. H. Cernocky,",
    title   = "Strategies for Training Large Scale Neural Network Language Models",
    year    = "2011",
    journal = "Proceedings of the Automatic Speech Recognition and Understanding Workshop",
    volume  = "",
    number  = "",
    pages   = ""
}

@article{liu_kdd10,
    author  = "J Liu, and L Yuan, and J. Ye,",
    title   = "An Efficient Algorithm for a Class of  Fused Lasso Problems",
    year    = "2010",
    journal = "Proceedings of the Conference on Knowledge Discovery and Data Mining ",
    volume  = "",
    number  = "",
    pages   = ""
}

@article{dhillion_nips11,
    author  = "P. S. Dhillon, and D. Foster, and L. Ungar",
    title   = "Multi-View Learning of Word Embeddings via CCA",
    year    = "2011",
    journal = "Advances in Neural Information Processing Systems",
    volume  = "",
    number  = "",
    pages   = ""
}

@article{bengio_nips10,
    author  = "S. Bengio, and J. Weston, and D. Grangier",
    title   = "Label Embedding Trees for Large Multi-Class Tasks",
    year    = "2010",
    journal = "Advances in Neural Information Processing Systems",
    volume  = "",
    number  = "",
    pages   = ""
}

@article{roch_phd07,
    author  = "S. Roch",
    title   = "Markov Models on Trees: Reconstruction and Applications",
    year    = "2007",
    journal = "PhD thesis, University of California, Berkeley.",
    volume  = "",
    number  = "",
    pages   = ""
}

@book{benavika_book,
    author  = " M. Ben-Akiva, and S. R. Lerman,",
    title   = "Discrete Choice Analysis: Theory and Application to Travel Demand",
    year    = "1985",
    publisher = "The MIT Press"
}

@book{train_book,
    author  = "K. E. Train",
    title   = "Discrete Choice Methods with simulation.",
    year    = "2003",
    publisher = "The Cambridge University Press"
}

@article{rabani_soda08,
    author  = "Y. Rabani, and L. J. Schulman, and C. Swamy",
    title   = "Approximation Algorithms for Labeling Hierarchical Taxonomies",
    year    = "2008",
    journal = "ACM-SIAM Symposium on Discrete Algorithms",
    volume  = "",
    number  = "",
    pages   = ""
}

@article{deng_nips11,
    author  = "J. Deng, and S. Satheesh, and A. C. Berg, and L. Fei-Fei",
    title   = "Hedging Your Bets: Optimizing Accuracy-Specificity Trade-offs in Large Scale Visual Recognition",
    year    = "2011",
    journal = "Advances in Neural Information Processing Systems",
    volume  = "",
    number  = "",
    pages   = ""
}

@article{chen_tr08,
    author  = "S. F. Chen,",
    title   = "Performance Prediction for Exponential Language Models.",
    year    = "2009",
    journal = "Proceedings of the Annual Conference of the North American Chapter of the Association for Computational Linguistics",
    volume  = "",
    number  = "",
    pages   = ""
}

@article{kazama_emnlp03,
    author  = "J. Kazama, and J. Tsujii",
    title   = "Evaluation and extension of maximum entropy models with inequality constraints.",
    year    = "2003",
    journal = "Proceedings of the Conference on Empirical Methods for Natural Language Processing",
    volume  = "",
    number  = "",
    pages   = ""
}

% Smoothing models
@article{jelinek_wpp80,
    author  = "F. Jelinek, and R. L. Mercer",
    title   = "Interpolated estimation of Markov source parameters from sparse data.",
    year    = "1980",
    journal = "Proceedings of the Workshop on Pattern Recognition in Practice.",
    volume  = "",
    number  = "",
    pages   = ""
}

@article{katz_tassp87,
    author  = "S. M. Katz,",
    title   = "Estimation of probabilities from sparse data for the language model component of a speech recognizer.",
    year    = "1987",
    journal = "IEEE Transactions on Acoustics, Speech and Signal Processing,",
    volume  = "35",
    number  = "3",
    pages   = "400-401"
}

@article{bell_book,
    author  = "T.C. Bell, and J.G. Clearly, and H. Witten",
    title   = "Text Compression.",
    year    = "1990",
    journal = "Prentice Hall.",
    volume  = "",
    number  = "",
    pages   = ""
}

@article{witten_tii91,
    author  = "I. H. Witten, and T. C. Bell",
    title   = "The zero-frequency problem: Estimating the probabilities of novel events in adaptive text compression.",
    year    = "1991",
    journal = "IEEE Transactions on Information Theory",
    volume  = "37",
    number  = "4",
    pages   = "1085-1094"
}

@article{kneser_icassp95,
    author  = "R. Kneser, and H. Ney",
    title   = "Improved backing-off for $m$-gram language modeling",
    year    = "1995",
    journal = "Proceedings of the IEEE International Conference on Acoustics, Speech and Signal Processing",
    volume  = "",
    number  = "",
    pages   = ""
}

@article{ney_csl94,
    author  = "H. Ney, and U. Essen, and R. Kneser",
    title   = "On structuring probabilistic dependences in stochastic language modeling.",
    year    = "1994",
    journal = "Computer, Speech, and Language",
    volume  = "8",
    number  = "1",
    pages   = "1-38"
}

@article{lidstone_tfa20,
    author  = "Lidstone, G. J.",
    title   = "Note on the general case of the Bayes-Laplace formula for inductive or \textit{a posteriori} probabilities.",
    year    = "1920",
    journal = "Transactions of the Faculty of Actuaries",
    volume  = "8",
    number  = "",
    pages   = "182-192"
}

@article{jefreys_book,
    author  = "H. Jefreys,",
    title   = "Theory of Probability.",
    year    = "1948",
    journal = "Clarendon Press",
    volume  = "second edition",
    number  = "",
    pages   = ""
}

@article{good_bmk53,
    author  = "Good, I. J.",
    title   = "The population frequencies of species and the estimation of population parameters.",
    year    = "1953",
    journal = "Biometrika",
    volume  = "40",
    number  = "3 and 4",
    pages   = "237-264"
}

@article{good_jstat00,
    author  = "Good, I. J.",
    title   = "Turing's anticipation of empirical Bayes in connection with the cryptanalysis of the naval Enigma.",
    year    = "2000",
    journal = "Journal of Statistical Computations and Simulations",
    volume  = "66",
    number  = "",
    pages   = "101-111"
}

@article{gale_crl94,
    author  = "W. A. Gale, and K. W. Church",
    title   = "What's wrong with adding one?",
    year    = "1994",
    journal = "Proceedings of the Conference on Corpus-Based Research into Language",
    volume  = "",
    number  = "",
    pages   = ""
}

@article{gale_scs90,
    author  = "W. A. Gale, and K. W. Church",
    title   = "Estimationproceduresfor language context:
poor estimates are worse than none.",
    year    = "1990",
    journal = "Proceedings of the Symposium on Computational Statistics",
    volume  = "",
    number  = "",
    pages   = ""
}

@article{newman_tinfo77,
    author  = "W. Newman,",
    title   = "Extension to the maximum entropy model",
    year    = "1977",
    journal = "IEEE Transactions on Information Theory",
    volume  = "23",
    number  = "1",
    pages   = "89-93"
}

@article{khudanpur_lmw95,
    author  = "S. Khudanpur",
    title   = "A method of maximum entropy estimation with relaxed constraints",
    year    = "1995",
    journal = "Proceedings of the John Hopkins University Language Modeling Workshop",
    volume  = "",
    number  = "",
    pages   = ""
}

@article{chen_tr99,
    author  = "S. F. Chen and R. Rosenfeld",
    title   = "A gaussian prior for smoothing maximum entropy models",
    year    = "1999",
    journal = "Technical report, Carniege Mellon University",
    volume  = "",
    number  = "",
    pages   = ""
}

% Risk minimization framework
@article{vapnik_bookA,
    author  = "V. N. Vapnik",
    title   = "Statistical learning theory.",
    year    = "1998",
    journal = "John Wiley",
    volume  = "",
    number  = "",
    pages   = ""
}

@article{vapnik_bookB,
    author  = "V. N. Vapnik,",
    title   = "The nature of statistical learning theory.",
    year    = "1995",
    journal = "Springer-Verlag",
    volume  = "",
    number  = "",
    pages   = ""
}

@article{vapnik_bookC,
    author  = "V. N. Vapnik,",
    title   = "Estimation of Dependencies Based on Empirical Data.",
    year    = "1982",
    journal = "Springer-Verlag",
    volume  = "",
    number  = "",
    pages   = ""
}

@article{duda_book,
    author  = "Duda, R. O. and Hart, P. E. and D. G. Stork,",
    title   = "Pattern Classification",
    year    = "2001",
    journal = "John Wiley",
    volume  = "",
    number  = "",
    pages   = ""
}

@article{anthony_book,
    author  = "M. Anthony, and P. L. Bartlett,",
    title   = "Neural network learning: Theoretical foundations.",
    year    = "1999",
    journal = "Cambridge University Press",
    volume  = "",
    number  = "",
    pages   = ""
}

@article{breiman_book,
    author  = "Breiman, L. and Friedman, J. and Olshen, R., Stone, C.",
    title   = "Classification and Regression Trees.",
    year    = "1984",
    journal = "Wadsworth International",
    volume  = "",
    number  = "",
    pages   = ""
}

@article{devroye_book,
    author  = "L. Devroye, and L. Gyorfi, and G. Lugosi,",
    title   = "A Probabilistic Theory of Pattern Recognition.",
    year    = "1996",
    journal = "Springer-Verlag",
    volume  = "",
    number  = "",
    pages   = ""
}

@article{mclachlan_book,
    author  = "McLachlan, G.",
    title   = "Discriminant Analysis and Statistical Pattern Recognition.",
    year    = "1992",
    journal = "John Wiley",
    volume  = "",
    number  = "",
    pages   = ""
}

@article{mclachlan_book,
    author  = "McLachlan, G",
    title   = "Discriminant Analysis and Statistical Pattern Recognition.",
    year    = "1992",
    journal = "John Wiley",
    volume  = "",
    number  = "",
    pages   = ""
}

@article{natarajan_book,
    author  = "Natarajan, B. K.",
    title   = "Machine Learning: A Theoretical Approach.",
    year    = "1991",
    journal = "Morgan Kaufmann",
    volume  = "",
    number  = "",
    pages   = ""
}

% Loss functions
@article{bartlett_nips03,
    author  = "P. L. Bartlett, and M. I. Jordan, and J. D. McAuliffe",
    title   = "Large margin classifiers: convex loss, low noise, and convergence rates.",
    year    = "2003",
    journal = "Advances in Neural Information Processing Systems",
    volume  = "",
    number  = "",
    pages   = ""
}

@article{lugosi_stat03,
    author  = "G. Lugosi, and N. Vayatis,",
    title   = "On the Bayes risk consistency of regularized boosting methods.",
    year    = "2003",
    journal = "Annals of Statistics",
    volume  = "1",
    number  = "30-55",
    pages   = ""
}

@article{steinwart_tr02,
    author  = "I. Steinwart,",
    title   = "Consistency of support vector machines and other regularized classifiers.",
    year    = "2002",
    journal = "Technical report, University of Jena",
    volume  = "",
    number  = "",
    pages   = ""
}

@article{jiang_stat03,
    author  = "W. Jiang,",
    title   = "Process consistency for Adaboost.",
    year    = "2003",
    journal = "Annals of Statistics",
    volume  = "32",
    number  = "1",
    pages   = "13-29"
}

@article{zhang_stat03,
    author  = "T. Zhang",
    title   = "Statistical behavior and consistency of classification methods based on convex risk minimization.",
    year    = "2003",
    journal = "Annals of Statistics",
    volume  = "32",
    number  = "1",
    pages   = "56-85"
}

@article{mannor_alt02,
    author  = "Mannor, S. and Meir, R. and Zhang, T.",
    title   = "The consistency of greedy algorithms for classification.",
    year    = "2002",
    journal = "Proceedings of the Annual Conference on Computational Learning Theory",
    volume  = "",
    number  = "",
    pages   = ""
}

% Path following algorithms
@article{osborne_graphstat99,
    author  = "M. R. Osborne, and B. Presnell, and B. A. Turlach",
    title   = "On the Lasso and its dual",
    year    = "1999",
    journal = "Journal of Computational and Graphical Statistics",
    volume  = "9",
    number  = "2",
    pages   = "319-337"
}

@article{markowitz_jfin52,
    author  = "H. Markowitz,",
    title   = "Portfolio selection",
    year    = "1952",
    journal = "Journal of Finance",
    volume  = "7",
    number  = "1",
    pages   = "77-91"
}

@article{nodcedal_book,
    author  = "J. Nocedal, and S. J. Wright",
    title   = "Numerical Optimization.",
    year    = "2006",
    journal = "Springer Verlag",
    volume  = "2nd edition",
    number  = "",
    pages   = ""
}

@article{sra_book,
    author  = "S. Sra, and S. Nowozin, and S.J. Eright",
    title   = "Optimization for Machine Learning",
    year    = "2011",
    journal = "MIT Press",
    volume  = "",
    number  = "",
    pages   = ""
}

@article{agarwal_tr08,
    author  = "A. Agarwal, and A. Rakhlin, and P. Bartlett,",
    title   = "Matrix regularization techniques for online multitask learning",
    year    = "2008",
    journal = "Technical Report EECS-2008-138, EECS Department, University of California, Berkeley",
    volume  = "",
    number  = "",
    pages   = ""
}

@article{fazel_acc01,
    author  = "Fazel, M. and Hindi, H. and Boyd, S. P.",
    title   = "A rank minimization heuristic with application to minimum order system approximation. ",
    year    = "2001",
    journal = "Proceedings of the American Control Conference",
    volume  = "",
    number  = "",
    pages   = ""
}

@article{srebro_nips05,
    author  = "Srebro, N. and Rennie, J. D. M. and Jaakkola, T. S. ",
    title   = "Maximum-margin matrix factorization.",
    year    = "2005",
    journal = "Advances in Neural Information Processing Systems",
    volume  = "",
    number  = "",
    pages   = ""
}

@article{crammer_mlj02,
    author  = "K. Crammer, and Y. Singer,",
    title   = "On the learnability and design of output codes for multiclass problems.",
    year    = "2002",
    journal = "Machine Learning Journal",
    volume  = "47",
    number  = "2-3",
    pages   = "201-233"
}

@article{andrew_icml07,
    author  = "G. Andrew, and J. Gao,",
    title   = "Scalable training of $\ell_1$-regularized log-linear models.",
    year    = "2007",
    journal = "Proceedings of the International Conference on Machine Learning",
    volume  = "",
    number  = "",
    pages   = ""
}

% Text generation
@article{mitchell_eacl12,
    author  = "M. Mitchell, and J. Dodge, and A. Goyal, and K. Yamaguchi, and K. Stratos, and X. Han, and A. Mensch, and A. C. Berg, and T. L. Berg, and H. Daume III,",
    title   = "Midge: Generating Image Descriptions From Computer Vision
Detections",
    year    = "2012",
    journal = "Proceedings of the Conference of the European Chapter of the Association for Computational Linguistics",
    volume  = "",
    number  = "",
    pages   = ""
}

@article{yang_emnlp11,
    author  = "Y. Yang, and C. L. Teo, and H. Daume III, and Y. Aloimonos,",
    title   = "Corpus-guided sentence generation of natural images.",
    year    = "2011",
    journal = "Proceedings of the Conference on Empirical Methods in Natural Language Processing",
    volume  = "",
    number  = "",
    pages   = ""
}

@article{li_conl11,
    author  = "S. Li, and G. Kulkarni, and T. L. Berg, and A. C. Berg, and Y. Choi",
    title   = "Composing simple image descriptions using web-scale n-grams.",
    year    = "2011",
    journal = "Proceedings of the Conference on Computational Natural Language Learning",
    volume  = "",
    number  = "",
    pages   = ""
}

@article{kulkarni_cvpr11,
    author  = "G. Kulkarni, and V. Premraj, and S. Dhar, and S. Li, and Y. Choi, and A. C. Berg, and T. L. Berg",
    title   = "Babytalk: Understanding and generating simple image descriptions.",
    year    = "2011",
    journal = "Proceedings of the Conference on Computer Vision and Pattern Recognition",
    volume  = "",
    number  = "",
    pages   = ""
}

@article{ordonez_nips11,
    author  = "V. Ordonez, and G. Kulkarni, and T. L. Berg.",
    title   = "Im2text: Describing images using 1 million
captioned photographs.",
    year    = "2011",
    journal = "Advances in Neural Information Processing Systems",
    volume  = "",
    number  = "",
    pages   = ""
}

@article{reiter_jnle97,
    author  = "E. Reiter, and R. Dale",
    title   = "Building applied natural language generation systems.",
    year    = "1997",
    journal = "Journal of Natural Language Engineering",
    volume  = "3",
    number  = "1",
    pages   = "57-87"
}

@article{farhadi_eccv10,
    author  = "A. Farhadi, and M. Hejrati, and M. A. Sadeghi, and P. Young, and C. Rashtchian, and J. Hockenmaier, and D. Forsyth",
    title   = "Every picture tells a story: generating sentences for images.",
    year    = "2010",
    journal = "Proceedings of the European Conference on Computer Vision.",
    volume  = "",
    number  = "",
    pages   = ""
}

@article{mikolov_naacl13,
    author  = "T. Mikolov, and W-T. Yih, and G. Zweig",
    title   = "Linguistic Regularities in Continuous Space Word Representations.",
    year    = "2013",
    journal = " Proceedings of the Conference of the North American Chapter of the Association for Computational Linguistics: Human Language Technologies",
    volume  = "",
    number  = "",
    pages   = ""
}

@article{stefan_interspeech11,
    author  = "K. Stefan, and M. Tomas, and K. Martin, and B. Lukas",
    title   = "Recurrent Neural Network based Language Modeling in Meeting Recognition.",
    year    = "2011",
    journal = "Proceedings of the Annual Conference of the International Speech Communication Association",
    volume  = "",
    number  = "",
    pages   = ""
}

@article{gupta_cvpr09,
    author  = "Gupta, A. and Srinivasan, P. and Shi, J. and Davis, L.",
    title   = "Understanding videos, constructing plots: Learning a visually grounded storyline model from annotated videos.",
    year    = "2009",
    journal = "Proceedings of the Conference on Computer Vision and Pattern Recognition",
    volume  = "",
    number  = "",
    pages   = ""
}

% Taxonomy chapter references
@article{do_nips07,
    author  = "C. B. Do, and C-S. Foo, and A. Y. Ng,",
    title   = "Efficient multiple hyperparameter learning for log-linear models",
    year    = "2007",
    journal = "Advances in Neural Information Processing System",
    volume  = "",
    number  = "",
    pages   = ""
}

@article{smola_icml00,
    author  = "A. J. Smola, and B. Scholkopf, ",
    title   = "Sparse greedy matrix approximation for machine learning.",
    year    = "2000",
    journal = "Proceedings of the International Conference on Machine Learning",
    volume  = "",
    number  = "",
    pages   = ""
}

@article{fine_jmlr01,
    author  = "S. Fine, and K. Scheinberg,",
    title   = "Efficient SVM training using low-rank kernel representations.",
    year    = "2001",
    journal = "Journal of Machine Learning Research",
    volume  = " 2",
    number  = "",
    pages   = "243-264"
}


@article{golub_book,
    author  = "G. H. Golub and C. F. Van Loan",
    title   = "Matrix Computations",
    year    = "1996",
    journal = "John Hopkins University Press",
    volume  = "",
    number  = "",
    pages   = ""
}

@article{williams_icml00,
    author  = "C. K. I. Williams and M. Seeger.",
    title   = "Effect of the input density distribution on kernel-based classifiers.",
    year    = "2000",
    journal = "Proceedings of the International Conference on Machine Learning",
    volume  = "",
    number  = "",
    pages   = ""
}

@article{bach_icml05,
    author  = "F. Bach, and M. I. Jordan,",
    title   = "Predictive low-rank decomposition for kernel methods.",
    year    = "2005",
    journal = "Proceedings of the International Conference on Machine Learning",
    volume  = "",
    number  = "",
    pages   = ""
}

@article{cormen_book,
    author  = "Cormen, T. H. and Leiserson, C. E. and Rivest, R. L., and S. Clifford,",
    title   = "Introduction to Algorithms",
    year    = "2009",
    journal = "MIT Press and McGraw-Hill.",
    volume  = "3rd edition",
    number  = "",
    pages   = ""
}

@article{schijver_bookC,
    author  = "A. Schijver",
    title   = "Combinatorial Optimization",
    year    = "2003",
    journal = "Springer",
    volume  = "Volume C",
    number  = "",
    pages   = ""
}

@article{griffin_cvpr08,
    author  = "G. Griffin, and P. Perona,",
    title   = "Learning and Using Taxonomies for Fast Visual Categorization",
    year    = "2008",
    journal = "IEEE Conference on Computer Vision and Pattern Recognition ",
    volume  = "",
    number  = "",
    pages   = ""
}

@article{bart_pami11,
    author  = "E. Bart, and M. Welling, and P. Perona",
    title   = "Unsupervised Organization of Image Collections: Taxonomies and Beyond",
    year    = "2011",
    journal = "IEEE Transactions on Pattern Analysis and Machine Intelligence",
    volume  = "",
    number  = "",
    pages   = "2302-2315"
}

% Bayesian Models for Language
@article{zipf_book,
    author  = "G. Zipf",
    title   = "Selective Studies and the Principle of Relative Frequency in Language.",
    year    = "1932",
    journal = "Harvard University Press",
    volume  = "",
    number  = "",
    pages   = ""
}

@article{mackay_nlr94,
    author  = "D. J. C. Mackay, and L. C. B. Peto,",
    title   = "A hierarchical dirichlet language model.",
    year    = "1994",
    journal = "Natural Language Engineering",
    volume  = "",
    number  = "",
    pages   = ""
}

@article{ward_phd,
    author  = "D. J. Ward,",
    title   = "Adaptive Computer Interfaces",
    year    = "2001",
    journal = "",
    volume  = "",
    number  = "",
    pages   = ""
}


@article{hinton_neuco02,
    author  = "Hinton, G. E.",
    title   = "Training products of experts by minimizing contrastive divergence.",
    year    = "2002",
    journal = "Neural Computation",
    volume  = "14",
    number  = "",
    pages   = "1711-1800"
}

@article{brants_acl07,
    author  = "T. Brants, and A. C. Popat, and P. Xu, and F. J. Och, and J. Dean,",
    title   = "Large Language Models in Machine Translation.",
    year    = "2007",
    journal = "Proceedings of the Joint Conference on Empirical Methods in Natural Language Processing and Computational Natural Language Learning",
    volume  = "",
    number  = "",
    pages   = ""
}

@article{perman_prob92,
    author  = "M. Perman, and J. Pitman, and M. Yor,",
    title   = "Size-biased sampling of Poisson point processes and excursions.",
    year    = "1992",
    journal = "Probability Theory and Related Fields",
    volume  = "25",
    number  = "92",
    pages   = "21-39"
}

@article{ghosal_book,
    author  = "S. Ghosal,",
    title   = "Dirichlet process, related priors and posterior asymptotics.",
    year    = "2010",
    journal = "N. L. Hjort et al., editors, Bayesian Nonparametrics, Cambridge University Press",
    volume  = "",
    number  = "",
    pages   = "36-83"
}

@article{lange_jcgstat00,
    author  = "K. Lange, and D. R. Hunter, and I. Yang,",
    title   = "Optimization transfer using surrogate objective functions.",
    year    = "2000",
    journal = "Journal of Computation and Graphical Statistics",
    volume  = "9",
    number  = "1",
    pages   = "1-20"
}

@article{bahl_pami83,
    author  = "Bahl, L. R. and F. Jelinek, and R. L. Mercer,",
    title   = "A maximum likelihood approach to continuous speech recognition.",
    year    = "1983",
    journal = "IEEE Transactions on Pattern Analysis and Machine Intelligence",
    volume  = "5",
    number  = "2",
    pages   = "179-190"
}

@article{chambolle_tip08,
    author  = "A. Chambolle, and R. A. DeVore, and N. Y. Lee, and B. J. Lucier,",
    title   = "Nonlinear wavelet image processing: Variational problems, compression, and noise removal through wavelet shrinkage.",
    year    = "1998",
    journal = "IEEE Transactions on Image Processing",
    volume  = "7",
    number  = "",
    pages   = "319-335"
}

@article{daubechies_cpam04,
    author  = "I. Daubechies, and M. Defrise, and C. D. Mol,",
    title   = "Nonlinear wavelet image processing: Variational problems, compression, and noise removal through wavelet shrinkage.",
    year    = "2004",
    journal = "Communications of Puce and Applied Mathematics",
    volume  = "57",
    number  = "",
    pages   = "1413-1457"
}

@article{jenatton_nips12,
    author  = "R. Jenatton, and N. {Le Roux}, and A. Bordes, and G. Obozinski,",
    title   = "A latent factor model for highly multi-relational data.",
    year    = "2012",
    journal = "Advances in Neural Information Processing Systems",
    volume  = "",
    number  = "",
    pages   = ""
}

@article{papineni_acl02,
    author  = "Papineni, K. and Roukos, S.",
    title   = "BLEU: a method for automatic evaluation of machine translation.",
    year    = "2002",
    journal = "Proceedings of the Association for Computational Linguistics",
    volume  = "",
    number  = "",
    pages   = ""
}

@article{banerjee_aclw05,
    author  = "Banerjee, S. and Lavie, A.",
    title   = "METEOR: An Automatic Metric for MT Evaluation with Improved Correlation with Human Judgments",
    year    = "2005",
    journal = "Proceedings of Workshop on Intrinsic and Extrinsic Evaluation Measures for MT and/or Summarization",
    volume  = "",
    number  = "",
    pages   = ""
}

@article{lin_aclw05,
    author  = "Lin, C-Y.",
    title   = "ROUGE: a Package for Automatic Evaluation of Summaries.",
    year    = "2004",
    journal = "Proceedings of the Workshop on Text Summarization Branches Out",
    volume  = "",
    number  = "",
    pages   = ""
}

@article{hunt_spcom90,
    author  = "M. J. Hunt",
    title   = "Figures of merit for assessing connected-word recognizers",
    year    = "1990",
    journal = "Journal of Speech Communication",
    volume  = "9",
    number  = "4",
    pages   = "329-336"
}

@article{wang_wasr03,
    author  = "Wang, Y. and Acero, A. and Chelba, C.",
    title   = "Is Word Error Rate a Good Indicator for Spoken Language Understanding Accuracy.",
    year    = "2003",
    journal = "{IEEE} Workshop on Automatic Speech Recognition and Understanding",
    volume  = "",
    number  = "",
    pages   = ""
}

@article{chen_bntu98,
    author  = "S.F. Chen, and D. Beeferman, and R. Rosenfeld,",
    title   = "Evaluation Metrics For Language Models",
    year    = "1998",
    journal = "DARPA Broadcast News Transcription and Understanding Workshop",
    volume  = "",
    number  = "",
    pages   = ""
}

@article{sillajr_dmkd11,
    author  = "C. N. {Silla Jr.}, and A. A. Freitas,",
    title   = "A Survey of Hierarchical Classification Across Different Application Domains",
    year    = "2011",
    journal = "Journal of Data Mining and Knowledge Discovery",
    volume  = "22",
    number  = "1-2",
    pages   = "31-72"
}

@article{babbar_nips13,
    author  = "Babbar, R. and Partalas, I. and Gaussier, \'E. and M.-R. Amini,",
    title   = "On Flat versus Hierarchical Classification in Large-Scale Taxonomies.",
    year    = "2013",
    journal = "Advances in Neural Information Processing Systems",
    volume  = "",
    number  = "",
    pages   = ""
}

@article{adams_nips10,
    author  = "R. P. Adams; Z. Ghahramani, and M. I. Jordan,",
    title   = "Tree-Structured Stick Breaking for Hierarchical Data",
    year    = "2010",
    journal = "Advances in Neural Information Processing Systems",
    volume  = "",
    number  = "",
    pages   = ""
}

@article{srilm-me,
    author  = "Alumae, T.  and  Kurimo, M.",
    title   = "Efficient Estimation of Maximum Entropy Language Models with {N}-gram features: an {SRILM} extension",
    year    = "2010",
    journal = "Proceedings of the Annual Conference of the International Speech Communication Association",
    volume  = "",
    number  = "",
    pages   = ""
}

@article{deerwester_jinsci90,
    author  = "S. Deerwester, and S. T. Dumais, and G. W. Furnas, and T. K. Landauer, and R. Harshman,",
    title   = "Indexing by Latent Semantic Analysis",
    year    = "1990",
    journal = "Journal of the American Society for Information Science",
    volume  = "41",
    number  = "6",
    pages   = "391-407"
}

@article{koonin_book,
    author  = "E. V. Koonin, and M. Y. Galperin,",
    title   = "Sequence - Evolution - Function, Computational Approaches in Comparative Genomics",
    year    = "2003",
    journal = "Kluwer Academic",
    volume  = "",
    number  = "",
    pages   = ""
}

@article{edgar_biocomp03,
    author  = "R. C. Edgar, and K. Sjolander,",
    title   = "Simultaneous Sequence Alignment and Tree Construction Using Hidden Markov Models",
    year    = "2003",
    journal = "Pacific Symposium on Biocomputing",
    volume  = "8",
    number  = "",
    pages   = "180-191"
}

@article{brown_jcl92,
    author  = "P. F. Brown, and P. V. deSouza, and R. L. Mercer, and V. J. {Della Pietra}, and J. C. Lai ",
    title   = "Class-Based $n$-gram Models of Natural Language ",
    year    = "1992",
    journal = "Journal Computational Linguistics ",
    volume  = "18",
    number  = "4",
    pages   = "467-479"
}

@article{navigli_acm09,
 author = {Navigli, R.},
 title = {Word Sense Disambiguation: A Survey},
 journal = {ACM Computing Survey},
 volume = {41},
 number = {2},
 year = {2009},
 pages = {1-69}
} 

@article{linden_phd,
    author  = "K. Linden,",
    title   = "Word Sense Discovery and Disambiguation",
    year    = "2005",
    journal = "Department of General Linguistics, Faculty of Arts, University of Helsinki.",
    volume  = "",
    number  = "",
    pages   = ""
}

@article{malouf_conll02,
    author  = "R. Malouf,",
    title   = "A comparison of algorithms for maximum entropy parameter estimation.",
    year    = "2002",
    journal = "Proceedings of the Conference on Natural Language Learning",
    volume  = "",
    number  = "",
    pages   = ""
}

@article{finkel_acl08,
    author  = "J. R. Finkel, and A. Kleeman, and C. D. Manning,",
    title   = "Efficient, Feature-based, Conditional Random Field Parsing.",
    year    = "2008",
    journal = "Proceedings of the Association for Computational Linguistics",
    volume  = "",
    number  = "",
    pages   = ""
}

@article{minka_unp03,
    author  = "T. Minka,",
    title   = "A comparison of numerical optimizers for logistic regression.",
    year    = "2003",
    journal = "Unpublished draft.",
    volume  = "",
    number  = "",
    pages   = ""
}

@article{turian_acl10,
    author  = "J. Turian, and L. Ratinov, and Y. Bengio",
    title   = "Wordrep resentations: A simple and general method for semi-supervised learning.",
    year    = "2010",
    journal = "Proceedings of the Association for Computational Linguistics",
    volume  = "",
    number  = "",
    pages   = ""
}

@article{tichonov_dan63,
    author  = "Tikhonov, A. N.",
    title   = "Solution of incorrectly formulated problems and the regularization method.",
    year    = "1963",
    journal = "Doklady Akademii Nauk SSSR",
    volume  = "151",
    number  = "",
    pages   = "501-504"
}


@article{Krystian_ijcv04,
    author  = "K. Mikolajczyk, and C. Schmid",
    title   = "Scale and affine invariant interest point detectors.",
    year    = "2004",
    journal = "International Journal of Computer Vision",
    volume  = "60",
    number  = "1",
    pages   = "63-86"
}

@article{Zhang_ijcv07,
    author  = "J. Zhang, and M. Marszalek, and S. Lazebnik and C. Schmid",
    title   = "Local features and kernels for classification of texture and object categories: A comprehensive study
",
    year    = "2007",
    journal = "International Journal of Computer Vision",
    volume  = "73",
    number  = "3",
    pages   = "447-491"
}

@article{Nister_cvpr06,
    author  = "D. Nister, and H. Stewenius",
    title   = "Scalable recognition with a Vocabulary Tree",
    year    = "2006",
    journal = "Proceedings of the IEEE Conference on Computer Vision and Pattern Recognition",
    volume  = "",
    number  = "",
    pages   = ""
}

@article{Dalal_05,
    author  = "N. Dalal, and B. Triggs",
    title   = "Histograms of Oriented Gradients for Human Detection.",
    year    = "2005",
    journal = "Proceedings of the IEEE Conference on Computer Vision and Pattern Recognition",
    volume  = "",
    number  = "",
    pages   = ""
}

@article{Viola_04,
    author  = "P. Viola, and M. Jones",
    title   = "Robust Real-time Object Detection.",
    year    = "2004'',
    journal = "International Journal of Computer Vision",
    volume  = "57",
    number  = "2",
    pages   = "137-154"
}
@INPROCEEDINGS{Viola01robustreal-time,
    author = {},
    title = {},
    booktitle = {},
    year = {2001}
}

@article{beamer_acl09,
    author  = "B. Beamer, and R. Girju",
    title   = "Investigating Automatic Alignment Methods for Slide Generation from Academic Papers.",
    year    = "2009",
    journal = "Proceedings of the Conference of the Association of Computational Linguistics",
    volume  = "",
    number  = "",
    pages   = ""
}

@article{koiti_capp99,
    author  = "Hasida Koiti ",
    title   = "Automatic slide presentation from semantically annotated documents.",
    year    = "1999",
    journal = "Proceedings of the Workshop on Coreference and Its Applications",
    volume  = "",
    number  = "",
    pages   = ""
}

%@article{,
%    author  = "",
%    title   = "",
%    year    = "",
%    journal = "",
%    volume  = "",
%    number  = "",
%    pages   = ""
%}

%@article{,
%    author  = "",
%    title   = "",
%    year    = "",
%    journal = "",
%    volume  = "",
%    number  = "",
%    pages   = ""
%}